<record><leader>00000cas a2200000 a 4500</leader><controlfield tag="001">14287762</controlfield><controlfield tag="008">861001d19381982waudn ne      0    0eng  </controlfield><datafield ind1=" " ind2=" " tag="010"><subfield code="a">sn 86071995 </subfield></datafield><datafield ind1=" " ind2=" " tag="040"><subfield code="a">DLC</subfield><subfield code="b">eng</subfield><subfield code="c">DLC</subfield><subfield code="d">SLZ</subfield><subfield code="d">DLC</subfield><subfield code="d">OCLCQ</subfield><subfield code="d">OCLCO</subfield><subfield code="d">OCLCQ</subfield><subfield code="d">OCLCF</subfield></datafield><datafield ind1="1" ind2=" " tag="029"><subfield code="a">AU@</subfield><subfield code="b">000020429668</subfield></datafield><datafield ind1=" " ind2=" " tag="042"><subfield code="a">pcc</subfield></datafield><datafield ind1=" " ind2=" " tag="043"><subfield code="a">n-us-wa</subfield></datafield><datafield ind1="0" ind2="0" tag="050"><subfield code="a">Newspaper</subfield></datafield><datafield ind1="0" ind2=" " tag="130"><subfield code="a">Daily Olympian (Olympia, Wash. : 1938)</subfield></datafield><datafield ind1="1" ind2="4" tag="245"><subfield code="a">The Daily Olympian.</subfield></datafield><datafield ind1="3" ind2="0" tag="246"><subfield code="a">Sunday Olympian</subfield></datafield><datafield ind1=" " ind2=" " tag="260"><subfield code="a">Olympia, Wash. :</subfield><subfield code="b">S.A. Perkins,</subfield><subfield code="c">-1982.</subfield></datafield><datafield ind1=" " ind2=" " tag="300"><subfield code="a">v. :</subfield><subfield code="b">ill.</subfield></datafield><datafield ind1=" " ind2=" " tag="310"><subfield code="a">Daily (except Christmas and New Years),</subfield><subfield code="b">&lt;Jan. 2, 1981-Jan. 31, 1982&gt;</subfield></datafield><datafield ind1=" " ind2=" " tag="321"><subfield code="a">Daily (except Saturday),</subfield><subfield code="b">&lt;Jan. 1, 1956-Mar. 7, 1980&gt;</subfield></datafield><datafield ind1=" " ind2=" " tag="321"><subfield code="a">Daily,</subfield><subfield code="b">&lt;Mar. 8-Dec. 31, 1980&gt;</subfield></datafield><datafield ind1="0" ind2=" " tag="362"><subfield code="a">-v. 91, no. 335 (Jan. 31, 1982).</subfield></datafield><datafield ind1="1" ind2=" " tag="362"><subfield code="a">Began with Aug. 29, 1938 issue.</subfield><subfield code="z">Cf. NIM, 1948-1983.</subfield></datafield><datafield ind1=" " ind2=" " tag="500"><subfield code="a">On Sunday published as: Sunday Olympian, Jan. 8, 1956-Jan. 31, 1982.</subfield></datafield><datafield ind1=" " ind2=" " tag="530"><subfield code="a">Also issued on microfilm from Bell &amp; Howell, Micro Photo Div.</subfield></datafield><datafield ind1=" " ind2=" " tag="588"><subfield code="a">Description based on: Vol. 65, no. 247 (Jan. 1, 1956).</subfield></datafield><datafield ind1=" " ind2="0" tag="651"><subfield code="a">Olympia (Wash.)</subfield><subfield code="v">Newspapers.</subfield></datafield><datafield ind1=" " ind2="7" tag="655"><subfield code="a">Newspapers.</subfield><subfield code="2">fast</subfield><subfield code="0">(OCoLC)fst01423814</subfield></datafield><datafield ind1=" " ind2="7" tag="651"><subfield code="a">Washington (State)</subfield><subfield code="z">Olympia.</subfield><subfield code="2">fast</subfield><subfield code="0">(OCoLC)fst01206098</subfield></datafield><datafield ind1=" " ind2=" " tag="752"><subfield code="a">United States</subfield><subfield code="b">Washington</subfield><subfield code="c">Thurston</subfield><subfield code="d">Olympia.</subfield></datafield><datafield ind1="0" ind2="4" tag="780"><subfield code="t">Daily Olympian (Olympia, Wash. : 1927 : Evening ed.)</subfield><subfield code="w">(DLC)sn 88085356</subfield></datafield><datafield ind1="0" ind2="4" tag="780"><subfield code="t">Daily Olympian (Olympia, Wash. : 1927 : Morning ed.)</subfield><subfield code="w">(DLC)sn 88085355</subfield></datafield><datafield ind1="0" ind2="0" tag="785"><subfield code="t">Olympian (Olympia, Wash.)</subfield><subfield code="w">(DLC)sn 83005979</subfield></datafield></record>